@techreport{FDD_DH08, 
 author = {DH08}, 
 title = {Final Design Document}, 
 month = "12", 
 year  = "2023", 
 type  = "Technical Report", 
 institution = "Delft Hyperloop",
}

@online{WinNT,
  author = {MultiMedia LLC},
  title = {{MS Windows NT} Kernel Description},
  year = 1999,
  url = {http://web.archive.org/web/20080207010024/http://www.808multimedia.com/winnt/kernel.htm},
  urldate = {2010-09-30}
}